@misc{TheRealLife,
	author	= "Freddy Mercury",
	title	=	"Bohemian Rhapsody",
	year	= "1975"
}